% 下面的参考文献格式可以从知网直接导出
% 注意知网上的文献信息可能有错误，还需要仔细检查

@article{JYRJ202212005,
	author = {  孙祥辉 and     杨雨 and 孙道强},
	title = {基于LaTeX的高校毕业论文在线自动编排系统的设计与实现},
	journal = {计算机应用与软件},
	volume = {39},
	number = {12},
	pages = {39-46+124},
	year = {2022},
	issn = {1000-386X},
}    

@article{DNZS201933114,
	author = {  刘桐言 and     张慧 and 杜心悦},
	title = {LaTeX排版的若干策略与技巧},
	journal = {电脑知识与技术},
	volume = {15},
	number = {33},
	pages = {255-256+267},
	year = {2019},
	issn = {1009-3044},
}    

@article{JYKQ201611011,
	author = {罗振},
	title = {中文科技期刊论文LaTeX模板的研究与实践},
	journal = {中国科技期刊研究},
	volume = {27},
	number = {11},
	pages = {1182-1187},
	year = {2016},
	issn = {1001-7143},
}    

@article{BJXB201303037,
	author = {闫新云},
	title = {科技期刊常用排版软件的选择},
	journal = {编辑学报},
	volume = {25},
	number = {03},
	pages = {290-292},
	year = {2013},
	issn = {1001-4314},
}    

@article{KJYU201010018,
	author = {杨晓娟},
	title = {选好排版软件,既省心也省事——图书编辑的排版心得},
	journal = {科技与出版},
	volume = {},
	number = {10},
	pages = {29-32},
	year = {2010},
	issn = {1005-0590},
}    
